
@article{kotsogiannis2019privatesql,
  title={Privatesql: a differentially private sql query engine},
  author={Kotsogiannis, Ios and Tao, Yuchao and He, Xi and Fanaeepour, Maryam and Machanavajjhala, Ashwin and Hay, Michael and Miklau, Gerome},
  journal={Proceedings of the VLDB Endowment},
  volume={12},
  number={11},
  pages={1371--1384},
  year={2019},
  publisher={VLDB Endowment}
}

@inproceedings{kotsogiannis2019architecting,
  title={Architecting a Differentially Private SQL Engine.},
  author={Kotsogiannis, Ios and Tao, Yuchao and Machanavajjhala, Ashwin and Miklau, Gerome and Hay, Michael},
  booktitle={CIDR},
  year={2019}
}

## Flex

@article{johnson2018towards,
  title={Towards practical differential privacy for SQL queries},
  author={Johnson, Noah and Near, Joseph P and Song, Dawn},
  journal={Proceedings of the VLDB Endowment},
  volume={11},
  number={5},
  pages={526--539},
  year={2018},
  publisher={VLDB Endowment}
}

## PInQ

@inproceedings{mcsherry2009privacy,
  title={Privacy integrated queries: an extensible platform for privacy-preserving data analysis},
  author={McSherry, Frank D},
  booktitle={Proceedings of the 2009 ACM SIGMOD International Conference on Management of data},
  pages={19--30},
  year={2009}
}

@article{proserpio2012calibrating,
  title={Calibrating Data to Sensitivity in Private Data Analysis},
  author={Proserpio, Davide and Goldberg, Sharon and McSherry, Frank},
  journal={arXiv preprint arXiv:1203.3453},
  year={2012}
}

## Google

@article{wilson2019differentially,
  title={Differentially private sql with bounded user contribution},
  author={Wilson, Royce J and Zhang, Celia Yuxin and Lam, William and Desfontaines, Damien and Simmons-Marengo, Daniel and Gipson, Bryant},
  journal={arXiv preprint arXiv:1909.01917},
  year={2019}
}

# Private Deep Learning

@inproceedings{abadi2016deep,
  title={Deep learning with differential privacy},
  author={Abadi, Martin and Chu, Andy and Goodfellow, Ian and McMahan, H Brendan and Mironov, Ilya and Talwar, Kunal and Zhang, Li},
  booktitle={Proceedings of the 2016 ACM SIGSAC conference on computer and communications security},
  pages={308--318},
  year={2016}
}

@article{papernot2018scalable,
  title={Scalable private learning with pate},
  author={Papernot, Nicolas and Song, Shuang and Mironov, Ilya and Raghunathan, Ananth and Talwar, Kunal and Erlingsson, {\'U}lfar},
  journal={arXiv preprint arXiv:1802.08908},
  year={2018}
}

@article{kairouz2021practical,
  title={Practical and private (deep) learning without sampling or shuffling},
  author={Kairouz, Peter and McMahan, Brendan and Song, Shuang and Thakkar, Om and Thakurta, Abhradeep and Xu, Zheng},
  journal={arXiv preprint arXiv:2103.00039},
  year={2021}
}

@article{mcmahan2017learning,
  title={Learning differentially private recurrent language models},
  author={McMahan, H Brendan and Ramage, Daniel and Talwar, Kunal and Zhang, Li},
  journal={arXiv preprint arXiv:1710.06963},
  year={2017}
}

@inproceedings{mironov2017renyi,
  title={R{\'e}nyi differential privacy},
  author={Mironov, Ilya},
  booktitle={2017 IEEE 30th Computer Security Foundations Symposium (CSF)},
  pages={263--275},
  year={2017},
  organization={IEEE}
}

@article{bu2020deep,
  title={Deep learning with Gaussian differential privacy},
  author={Bu, Zhiqi and Dong, Jinshuo and Long, Qi and Su, Weijie J},
  journal={Harvard data science review},
  volume={2020},
  number={23},
  year={2020},
  publisher={NIH Public Access}
}

@article{mcmahan2018general,
  title={A general approach to adding differential privacy to iterative training procedures},
  author={McMahan, H Brendan and Andrew, Galen and Erlingsson, Ulfar and Chien, Steve and Mironov, Ilya and Papernot, Nicolas and Kairouz, Peter},
  journal={arXiv preprint arXiv:1812.06210},
  year={2018}
}

@article{opacus,
  title={Opacus: User-Friendly Differential Privacy Library in PyTorch},
  author={A. Yousefpour and I. Shilov and A. Sablayrolles and D. Testuggine and K. Prasad and M. Malek and J. Nguyen and S. Ghosh and A. Bharadwaj and J. Zhao and G. Cormode and I. Mironov},
  journal={arXiv preprint arXiv:2109.12298},
  year={2021}
}

# Private ML

@inproceedings{wu2017bolt,
  title={Bolt-on differential privacy for scalable stochastic gradient descent-based analytics},
  author={Wu, Xi and Li, Fengan and Kumar, Arun and Chaudhuri, Kamalika and Jha, Somesh and Naughton, Jeffrey},
  booktitle={Proceedings of the 2017 ACM International Conference on Management of Data},
  pages={1307--1322},
  year={2017}
}

@inproceedings{iyengar2019towards,
  title={Towards practical differentially private convex optimization},
  author={Iyengar, Roger and Near, Joseph P and Song, Dawn and Thakkar, Om and Thakurta, Abhradeep and Wang, Lun},
  booktitle={2019 IEEE Symposium on Security and Privacy (SP)},
  pages={299--316},
  year={2019},
  organization={IEEE}
}

@article{diffprivlib,
  title={Diffprivlib: the {IBM} differential privacy library},
  author={Holohan, Naoise and Braghin, Stefano and Mac Aonghusa, P{\'o}l and Levacher, Killian},
  year={2019},
  journal = {ArXiv e-prints},
  archivePrefix = "arXiv",
  volume = {1907.02444 [cs.CR]},
  primaryClass = "cs.CR",
  month = jul
}

# Gradient Boosted Trees

@inproceedings{chen2016xgboost,
  title={Xgboost: A scalable tree boosting system},
  author={Chen, Tianqi and Guestrin, Carlos},
  booktitle={Proceedings of the 22nd acm sigkdd international conference on knowledge discovery and data mining},
  pages={785--794},
  year={2016}
}

@article{ke2017lightgbm,
  title={Lightgbm: A highly efficient gradient boosting decision tree},
  author={Ke, Guolin and Meng, Qi and Finley, Thomas and Wang, Taifeng and Chen, Wei and Ma, Weidong and Ye, Qiwei and Liu, Tie-Yan},
  journal={Advances in neural information processing systems},
  volume={30},
  pages={3146--3154},
  year={2017}
}

@article{prokhorenkova2017catboost,
  title={CatBoost: unbiased boosting with categorical features},
  author={Prokhorenkova, Liudmila and Gusev, Gleb and Vorobev, Aleksandr and Dorogush, Anna Veronika and Gulin, Andrey},
  journal={arXiv preprint arXiv:1706.09516},
  year={2017}
}

# Private GBT

@article{wu2008top,
  title={Top 10 algorithms in data mining},
  author={Wu, Xindong and Kumar, Vipin and Quinlan, J Ross and Ghosh, Joydeep and Yang, Qiang and Motoda, Hiroshi and McLachlan, Geoffrey J and Ng, Angus and Liu, Bing and Philip, S Yu and others},
  journal={Knowledge and information systems},
  volume={14},
  number={1},
  pages={1--37},
  year={2008},
  publisher={Springer}
}

@article{balle2018subsampling,
  title={Privacy amplification by subsampling: Tight analyses via couplings and divergences},
  author={Balle, B. and Barthe, G. and Gabaordi M.},
  year={2018},
  journal={arXiv preprint arXiv:1807.01647}
}

@inproceedings{li2020privacy,
  title={Privacy-preserving gradient boosting decision trees},
  author={Li, Qinbin and Wu, Zhaomin and Wen, Zeyi and He, Bingsheng},
  booktitle={Proceedings of the AAAI Conference on Artificial Intelligence},
  volume={34},
  number={01},
  pages={784--791},
  year={2020}
}


@book{li2016dp, 
  title={Differential Privacy: from theory to practice},
  author={Li, Ninghui and Lyu, Min and Su, Dong and Yang, Weining},
  year={2016}
}

@book{dwork2014, 
  title={The Algorithmic Foundations of Differential Privacy},
  author={Dwork, Cynthia and Roth, Aaron},
  year={2014},
}

@inproceedings{kairouz2015composition,
  title={The composition theorem for differential privacy},
  author={Kairouz, Peter and Oh, Sewoong and Viswanath, Pramod},
  booktitle={International conference on machine learning},
  pages={1376--1385},
  year={2015},
  organization={PMLR}
}

@inproceedings{nissim2007smooth,
  title={Smooth sensitivity and sampling in private data analysis},
  author={Nissim, Kobbi and Raskhodnikova, Sofya and Smith, Adam},
  booktitle={Proceedings of the thirty-ninth annual ACM symposium on Theory of computing},
  pages={75--84},
  year={2007}
}

@article{gillenwater2021,
  author={Gillenwater, J. and Joseph, M. and  Kulesza, A},
  year={2021},
  title={Differentially Private Quantiles},
  journal={arXiv preprint arXiv:2102.08244}
}

@article{mcsherry2007mechanism,
  title={Mechanism design via differential privacy},
  year={2007},
  author={McSherry, F. and Talwar, K.},
  journal={48th Annual IEEE Symposium on Foundations of Computer Science}
}

@article{medina2020duff,
  title={Duff: A Dataset-Distance-Based Utility Function Family for the Exponential Mechanism},
  author={Medina, Andr{\'e}s Mu{\~n}oz and Gillenwater, Jenny},
  journal={arXiv preprint arXiv:2010.04235},
  year={2020}
}

@article{dong2019gaussian,
  title={Gaussian differential privacy},
  author={Dong, Jinshuo and Roth, Aaron and Su, Weijie J},
  journal={arXiv preprint arXiv:1905.02383},
  year={2019}
}

@inproceedings{dwork2012privacy,
  title={The privacy of the analyst and the power of the state},
  author={Dwork, Cynthia and Naor, Moni and Vadhan, Salil},
  booktitle={2012 IEEE 53rd Annual Symposium on Foundations of Computer Science},
  pages={400--409},
  year={2012},
  organization={IEEE}
}